/home/acp16hh/Projects/Bibtex/Report and Paper-NAACL 2019.bib